@inproceedings{kour2014real,
  title={Real-time segmentation of on-line handwritten arabic script},
  author={Kour, George and Saabne, Raid},
  booktitle={Frontiers in Handwriting Recognition (ICFHR), 2014 14th International Conference on},
  pages={417--422},
  year={2014},
  organization={IEEE}
}

@article{ MultigridMethods,
  title={Multi-grid methods and applications},
  author={Hackbusch, Wolfgang},
  journal={ Springer Science and Business Media},
  year={2013}
}
Hahn D W, Özisik M N. Heat conduction[M]. John Wiley & Sons, 2012.
@inproceedings{Preconditioningiterativemethods,
  title={A survey of preconditioned iterative methods},
  author={Bruaset, Are Magnus},
  year={2018},
  organization={Routledge},
}
Bruaset A M. A survey of preconditioned iterative methods[M]. Routledge, 2018.
@article{heat,
  title={Heat conduction},
  author={Hahn D W, Özisik M N. },
  journal={ John Wiley and Sons},
  year={2012}
}
@article{Phisics,
  title={University physics. Vol. 2. },
  author={Reese, Ronald Lane},
  journal={Cengage Learning},
  year={2000}
}
@article{convex,
  title={ Convex optimization},
  author={Boyd, Stephen P., and Lieven Vandenberghe},
  journal={ Cambridge university press},
  year={ 2004}
}
@article{FEM,
  title={ Computational science and engineering},
  author={Strang, Gilbert},
  journal={ Wellesley-Cambridge Press},
  year={2007}
}
Strang, Gilbert. Computational science and engineering. Wellesley-Cambridge Press, 2007.

Boyd, Stephen P., and Lieven Vandenberghe. Convex optimization. Cambridge university press, 2004.

Reese, Ronald Lane. University physics. Vol. 2. Cengage Learning, 2000.
 (Zhao Peipei. Pre-
conditioning iterative methods for linear systems in image regularization recovery[D]. Lanzhou University, 2023.
DOI:10.27204/d.cnki.glzhu.2022.003717).

@article{FETI2,
  title={ On the Convergence of a Substructuring Method with Lagrange multipliers},
  author={J. Mandel and R. Tezaur},
  journal={Numerische Mathematik},
  volume={73},
  pages={473--487},
  year={1996},
}
@article{PDE_t,
  title={PDE-constrained Optimization and Beyond},
  author={Choi Youngsoo, Walter Murray, and Philip Avery},
  year={2011},
}
@article{more,
  title={FETI‐DP: a dual–primal unified FETI method—part I: A faster alternative to the two‐level FETI method.},
  author={Farhat, Charbel,},
  journal={International journal for numerical methods in engineering},
  volume={50},
  pages={1523--1544},
  year={2001},
}


Farhat, Charbel, et al. "FETI‐DP: a dual–primal unified FETI method—part I: A faster alternative to the two‐level FETI method." International journal for numerical methods in engineering 50.7 (2001): 1523-1544.


Choi, Youngsoo, Walter Murray, and Philip Avery. "PDE-constrained Optimization and Beyond." (2011).
PDE-constrained Optimization and Beyond

J. Mandel and R. Tezaur, On the Convergence of a Substructuring Method with Lagrange multipliers, Numerische Mathematik 73 (1996) 473-487

Charbel Farhat. A method of finite element tearing and interconnecting and its parallel solution algorithm. International Journal for Numerical Methods in Engineering,
    32:1205–1227, 1991.